<?xml version="1.0" encoding="UTF-8"?><collection xmlns="http://www.loc.gov/MARC21/slim"><record><leader>00512nam--2200193-i-4500</leader><controlfield tag="001">000000071</controlfield><controlfield tag="002">20161230</controlfield><controlfield tag="005">20161230201023</controlfield><controlfield tag="008">060222s1000------------r-----000-0-rus-d</controlfield><datafield ind1=" " ind2=" " tag="040"><subfield code="a">IFIN-HH</subfield></datafield><datafield ind1=" " ind2=" " tag="041"><subfield code="a">rus</subfield></datafield><datafield ind1=" " ind2=" " tag="080"><subfield code="a">533.9</subfield></datafield><datafield ind1="1" ind2=" " tag="100"><subfield code="a">Davidson, Ronald C</subfield></datafield><datafield ind1="1" ind2="0" tag="245"><subfield code="a">Teoriia zariajennoi plazmi</subfield><subfield code="c">Ronald C. Davidson</subfield></datafield><datafield ind1=" " ind2=" " tag="260"><subfield code="a">Moskva</subfield><subfield code="b">Mir</subfield><subfield code="c">1978</subfield></datafield><datafield ind1=" " ind2=" " tag="300"><subfield code="a">215p</subfield></datafield><datafield ind1=" " ind2=" " tag="500"><subfield code="a">Titlul original in lb. engleza: Theory of Nonneutral Plasmas</subfield></datafield><datafield ind1=" " ind2=" " tag="852"><subfield code="a">47816</subfield><subfield code="c">533.9</subfield></datafield><datafield ind1=" " ind2=" " tag="CAT"><subfield code="a">Sys</subfield><subfield code="c">20100929</subfield><subfield code="h">112947</subfield></datafield></record></collection>